% This file was created with JabRef 2.9.2.
% Encoding: Cp1252

@MISC{book:jrose,
  author = {Jeremy Rose},
  title = {Software Entrepreneurship: two paradigms for promoting new information
	technology ventures},
  year = {2012},
  owner = {Mink},
  timestamp = {2015.12.09}
}

